[gd_resource type="Theme" load_steps=11 format=3 uid="uid://6722ge723p0e"]

[sub_resource type="StyleBoxFlat" id="2"]
content_margin_top = 10.0
content_margin_bottom = 10.0
bg_color = Color(0.921569, 0.921569, 0.921569, 0.0588235)
border_width_top = 4
border_width_bottom = 4
border_color = Color(0.25098, 0.266667, 0.298039, 1)
border_blend = true

[sub_resource type="StyleBoxFlat" id="12"]
content_margin_top = 10.0
content_margin_bottom = 10.0
bg_color = Color(0.839216, 0.839216, 0.839216, 0.0588235)
border_width_top = 8
border_width_bottom = 8
border_color = Color(0.188235, 0.215686, 0.262745, 1)
border_blend = true

[sub_resource type="StyleBoxEmpty" id="StyleBoxEmpty_dqtax"]
content_margin_left = 4.0
content_margin_right = 4.0

[sub_resource type="StyleBoxFlat" id="8"]
content_margin_left = 12.0
bg_color = Color(0.145098, 0.168627, 0.203922, 1)
border_width_left = 4
border_width_top = 4
border_width_right = 4
border_width_bottom = 4
border_color = Color(0.25098, 0.266667, 0.298039, 1)
border_blend = true
corner_radius_top_left = 3
corner_radius_top_right = 3
corner_radius_bottom_right = 3
corner_radius_bottom_left = 3

[sub_resource type="StyleBoxFlat" id="10"]
bg_color = Color(0.129412, 0.14902, 0.180392, 1)
border_width_top = 14
border_width_bottom = 14
border_color = Color(0.145098, 0.168627, 0.203922, 1)
corner_radius_top_left = 4
corner_radius_top_right = 4
corner_radius_bottom_right = 4
corner_radius_bottom_left = 4
expand_margin_top = 4.0
expand_margin_bottom = 4.0

[sub_resource type="StyleBoxEmpty" id="7"]
content_margin_left = 5.0
content_margin_right = 5.0

[sub_resource type="StyleBoxFlat" id="5"]
content_margin_left = 6.0
content_margin_top = 3.0
content_margin_right = 6.0
content_margin_bottom = 3.0
bg_color = Color(0.6, 0.6, 0.6, 0.247059)
border_width_top = 2
border_width_bottom = 2
border_color = Color(0.25098, 0.266667, 0.298039, 1)
border_blend = true
expand_margin_top = 2.0

[sub_resource type="StyleBoxFlat" id="1"]
bg_color = Color(0.129412, 0.14902, 0.180392, 1)
border_width_left = 8
border_width_top = 8
border_width_right = 8
border_width_bottom = 8
border_color = Color(0.211765, 0.239216, 0.290196, 1)
border_blend = true
corner_radius_top_left = 1
corner_radius_top_right = 1
corner_radius_bottom_right = 1
corner_radius_bottom_left = 1
expand_margin_left = 1.0
expand_margin_top = 1.0
expand_margin_right = 1.0
expand_margin_bottom = 1.0

[sub_resource type="StyleBoxFlat" id="11"]
bg_color = Color(0.921569, 0.921569, 0.921569, 1)
border_width_left = 1
border_width_top = 1
border_width_right = 1
border_width_bottom = 1
border_color = Color(0.494118, 0.494118, 0.494118, 1)
border_blend = true
expand_margin_top = 2.0
expand_margin_bottom = 2.0

[sub_resource type="StyleBoxFlat" id="6"]
content_margin_left = 4.0
content_margin_right = 4.0
bg_color = Color(0.6, 0.6, 0.6, 0)
border_width_left = 2
border_width_top = 2
border_width_right = 2
border_width_bottom = 2
border_blend = true

[resource]
Button/colors/font_color = Color(0.878431, 0.878431, 0.878431, 1)
Button/colors/font_color_focus = Color(0.878431, 0.878431, 0.878431, 1)
Button/colors/font_color_hover = Color(0.878431, 0.878431, 0.878431, 1)
Button/colors/font_color_pressed = Color(0.878431, 0.878431, 0.878431, 1)
Button/colors/font_disabled_color = Color(0.564706, 0.580392, 0.607843, 1)
Button/colors/font_focus_color = Color(0.564706, 0.580392, 0.607843, 1)
Button/colors/font_hover_color = Color(0.564706, 0.580392, 0.607843, 1)
Button/colors/font_hover_pressed_color = Color(0.564706, 0.580392, 0.607843, 1)
Button/colors/font_outline_color = Color(0.564706, 0.580392, 0.607843, 1)
Button/colors/font_pressed_color = Color(0.878431, 0.878431, 0.878431, 1)
Button/colors/icon_disabled_color = Color(0, 0, 0, 1)
Button/colors/icon_focus_color = Color(0, 0, 0, 1)
Button/colors/icon_hover_color = Color(0, 0, 0, 1)
Button/colors/icon_hover_pressed_color = Color(0, 0, 0, 1)
Button/colors/icon_normal_color = Color(0, 0, 0, 1)
Button/colors/icon_pressed_color = Color(0, 0, 0, 1)
Button/styles/disabled = SubResource("2")
Button/styles/focus = SubResource("2")
Button/styles/hover = SubResource("2")
Button/styles/normal = SubResource("2")
Button/styles/pressed = SubResource("12")
FlatButton/base_type = &"Button"
FlatButton/styles/disabled = SubResource("StyleBoxEmpty_dqtax")
FlatButton/styles/focus = SubResource("StyleBoxEmpty_dqtax")
FlatButton/styles/hover = SubResource("StyleBoxEmpty_dqtax")
FlatButton/styles/normal = SubResource("StyleBoxEmpty_dqtax")
FlatButton/styles/pressed = SubResource("StyleBoxEmpty_dqtax")
HScrollBar/styles/grabber = SubResource("8")
HScrollBar/styles/grabber_highlight = SubResource("8")
HScrollBar/styles/grabber_pressed = SubResource("8")
HScrollBar/styles/scroll = SubResource("10")
Label/colors/font_color = Color(0.878431, 0.878431, 0.878431, 1)
Label/styles/normal = SubResource("7")
LineEdit/colors/font_color = Color(0.878431, 0.878431, 0.878431, 1)
LineEdit/styles/normal = SubResource("5")
Panel/styles/panel = SubResource("1")
VScrollBar/styles/grabber = SubResource("11")
VScrollBar/styles/grabber_highlight = SubResource("11")
VScrollBar/styles/grabber_pressed = SubResource("11")
VScrollBar/styles/scroll = SubResource("6")
